@misc{CS231nCNN,
author = {Karpathy, Andrej and Li, Fei-Fei},
mendeley-groups = {BSc-Practical},
note = {Last visited 2015-12-13},
title = {{Convolutional Neural Networks}},
url = {http://cs231n.github.io/convolutional-networks/},
urldate = {2015-12-13}
}
@misc{Caltech101Wiki,
mendeley-groups = {BSc-Practical},
note = {Last visited 2015-12-19},
title = {{Caltech 101 Wikipedia}},
url = {https://en.wikipedia.org/wiki/Caltech_101},
urldate = {2015-12-19}
}
@misc{StanfordTutCNN2015,
mendeley-groups = {BSc-Practical},
note = {Last visited 2015-12-13},
title = {{Convolutional Neural Network}},
url = {http://ufldl.stanford.edu/tutorial/supervised/ConvolutionalNeuralNetwork/},
urldate = {2015-12-13},
}
@misc{DLCNN,
mendeley-groups = {BSc-Practical},
note = {Last visited 2015-12-13},
title = {{Convolutional Neural Networks (LeNet)}},
url = {http://deeplearning.net/tutorial/lenet.html},
urldate = {2015-12-13}
}
